% Here comes the bibliography
%Ramiro, Christian Coré: Análisis de redes sociales a través de minería de repositorios Git (2014)
%Brandes, U.: A faster algorithm for betweenness centrality. J Math Sociol 25 (2001) 163-177\\

@article{madey2002open,
  title={The open source software development phenomenon: An analysis based on social network theory},
  author={Madey, Gregory and Freeh, Vincent and Tynan, Renee},
  journal={AMCIS 2002 Proceedings},
  pages={247},
  year={2002}
}

@inproceedings{lopez2004applying,
  title={Applying social network analysis to the information in CVS repositories},
  author={Lopez-Fernandez, Luis and Robles, Gregorio and Gonzalez-Barahona, Jesus M and others},
  booktitle={International Workshop on Mining Software Repositories},
  pages={101--105},
  year={2004},
  organization={IET}
}


@inproceedings{minto2007recommending,
  title={Recommending emergent teams},
  author={Minto, Shawn and Murphy, Gail C},
  booktitle={Mining Software Repositories, 2007. ICSE Workshops MSR'07. Fourth International Workshop on},
  pages={5--5},
  year={2007},
  organization={IEEE}
}

@article{singh2010small,
  title={The small-world effect: The influence of macro-level properties of developer collaboration networks on open-source project success},
  author={Singh, Param Vir},
  journal={ACM Transactions on Software Engineering and Methodology (TOSEM)},
  volume={20},
  number={2},
  pages={6},
  year={2010},
  publisher={ACM}
}

@inproceedings{surian2010mining,
  title={Mining collaboration patterns from a large developer network},
  author={Surian, Didi and Lo, David and Lim, Ee-Peng},
  booktitle={Reverse Engineering (WCRE), 2010 17th Working Conference on},
  pages={269--273},
  year={2010},
  organization={IEEE}
}

@inproceedings{surian2011recommending,
  title={Recommending people in developers' collaboration network},
  author={Surian, Didi and Liu, Nian and Lo, David and Tong, Hanghang and Lim, Ee-Peng and Faloutsos, Christos},
  booktitle={Reverse Engineering (WCRE), 2011 18th Working Conference on},
  pages={379--388},
  year={2011},
  organization={IEEE}
}

@article{hossain2009social,
  title={Social networks and coordination performance of distributed software development teams},
  author={Hossain, Liaquat and Zhu, David},
  journal={The Journal of High Technology Management Research},
  volume={20},
  number={1},
  pages={52--61},
  year={2009},
  publisher={Elsevier}
}

@article{wu2007investigating,
  title={Investigating success of open source software projects: A social network perspective},
  author={Wu, Jing and Goh, Khim-Yong and Tang, Qian},
  journal={ICIS 2007 Proceedings},
  pages={105},
  year={2007}
}

@inproceedings{oezbek2010onion,
  title={The onion has cancer: Some social network analysis visualizations of open source project communication},
  author={Oezbek, Christopher and Prechelt, Lutz and Thiel, Florian},
  booktitle={Proceedings of the 3rd International Workshop on Emerging Trends in Free/Libre/Open Source Software Research and Development},
  pages={5--10},
  year={2010},
  organization={ACM}
}

@article{howison2012validity,
  title={Validity issues in the use of social network analysis with digital trace data},
  author={Howison, James and Wiggins, Andrea and Crowston, Kevin},
  journal={Journal of the Association for Information Systems},
  volume={44},
  number={2},
  pages={767--797},
  year={2012}
}

@inproceedings{kouters2012s,
  title={Who's who in Gnome: Using LSA to merge software repository identities},
  author={Kouters, Erik and Vasilescu, Bogdan and Serebrenik, Alexander and van den Brand, Mark GJ},
  booktitle={Software Maintenance (ICSM), 2012 28th IEEE International Conference on},
  pages={592--595},
  year={2012},
  organization={IEEE}
}

@article{godfrey2005using,
  title={Using origin analysis to detect merging and splitting of source code entities},
  author={Godfrey, Michael W and Zou, Lijie},
  journal={Software Engineering, IEEE Transactions on},
  volume={31},
  number={2},
  pages={166--181},
  year={2005},
  publisher={IEEE}
}

@article{gonzalez2013understanding,
  title={Understanding How Companies Interact with Free Software Communities},
  author={Gonzalez-Barahona, Jesus M and Izquierdo-Cortazar, Daniel and Maffulli, Stefano and Robles, Gregorio},
  journal={IEEE software},
  number={5},
  pages={38--45},
  year={2013},
  publisher={IEEE}
}

